@article{Cooper2015,
author = {Cooper, Crispin H V},
doi = {10.1080/13658816.2015.1018834},
journal = {International Journal of Geographical Information Science},
number = {8},
pages = {1293--1309},
title = {{Spatial localization of closeness and betweenness measures: a self-contradictory but useful form of network analysis}},
url = {https://www.tandfonline.com/doi/pdf/10.1080/13658816.2015.1018834?needAccess=true},
volume = {29},
year = {2015}
}
@article{Turner2007,
author = {Turner, Alasdair},
doi = {10.1068/b32067},
journal = {Environment and Planning B: Planning and Design},
pages = {539--555},
title = {{From axial to road-centre lines: a new representation for space syntax and a new model of route choice for transport network analysis}},
url = {http://journals.sagepub.com/doi/pdf/10.1068/b32067},
volume = {34},
year = {2007}
}
@book{Hillier1984,
address = {Cambridge},
author = {Hillier, Bill and Hanson, Julienne},
publisher = {Cambridge University Press},
title = {{The Social Logic of Space}},
year = {1984}
}
@article{Porta2006,
author = {Porta, Sergio and Crucitti, Paolo and Latora, Vito},
doi = {10.1068/b32045},
journal = {Environment and Planning B: Planning and Design},
pages = {705--725},
title = {{The Network Analysis of Urban Streets: A Primal Approach}},
url = {http://journals.sagepub.com/doi/pdf/10.1068/b32045},
volume = {33},
year = {2006}
}